<?xml version="1.0" encoding="utf-8"?>
<record xmlns="http://www.loc.gov/MARC21/slim" xmlns:xsi="http://www.w3.org/2001/XMLSchema-instance" xsi:schemaLocation="http://www.loc.gov/MARC21/slim http://www.loc.gov/standards/marcxml/schema/MARC21slim.xsd">
	<leader>     nam a22     Mi 4500</leader>
	<controlfield tag="001">b1245297x</controlfield>
	<controlfield tag="003">LeBAU</controlfield>
	<controlfield tag="006">m        d        </controlfield>
	<controlfield tag="007">cr cn |||m|||a</controlfield>
	<controlfield tag="008">210518s1948    ua      ob    ||0 0 ara d</controlfield>
	<datafield ind1=" " ind2=" " tag="040">
		<subfield code="a">ZYU</subfield>
		<subfield code="b">ara</subfield>
		<subfield code="e">rda</subfield>
		<subfield code="c">ZYU</subfield>
	</datafield>
	<datafield ind1="0" ind2="4" tag="082">
		<subfield code="a">370.1</subfield>
		<subfield code="2">23</subfield>
	</datafield>
	<datafield ind1="1" ind2=" " tag="100">
		<subfield code="6">880-01</subfield>
		<subfield code="a">Ramaḍān, Muḥammad Rifʻat.</subfield>
		<subfield code="e">author.</subfield>
		<subfield code="0">https://lccn.loc.gov/nr94032140 ,</subfield>
	</datafield>
	<datafield ind1="1" ind2="0" tag="245">
		<subfield code="6">880-02</subfield>
		<subfield code="a">Fī usūl al-tarbiyah wa-ʻilm al-nafs li-madāris al-muʻallimīn wa-al-muʻallimāt /</subfield>
		<subfield code="c">lil-asātidhah Muḥammad Rifʻat Ramaḍān, mudarris al-tarbiyah wa-ʻilm al-nafs bi-madrasat al-muʻallimīn al-ʻulyā, Khaṭṭāb ʻAṭīyah ʻAlī, mudarris al-tarbiyah wa-ʻilm al-nafs bi-madrasat al-muʻallimīn al-ibtidāʼīyah bi-al-Zaytūn, Muḥammad Sulaymān Shaʻlān al-mudīr al-muntadab li-qism buḥūth al-imtiḥānāt.</subfield>
	</datafield>
	<datafield ind1=" " ind2=" " tag="250">
		<subfield code="6">880-03</subfield>
		<subfield code="a">al-Ṭabʻah al-ūlá.</subfield>
	</datafield>
	<datafield ind1=" " ind2="1" tag="264">
		<subfield code="6">880-04</subfield>
		<subfield code="a">[al-Qāhirah] :</subfield>
		<subfield code="b">Dār al-Fikr al-ʻArabī,</subfield>
		<subfield code="c">1948.</subfield>
	</datafield>
	<datafield ind1=" " ind2=" " tag="300">
		<subfield code="6">880-05</subfield>
		<subfield code="a">online resource (333 pages)</subfield>
	</datafield>
	<datafield ind1=" " ind2=" " tag="336">
		<subfield code="a">text</subfield>
		<subfield code="2">rdacontent</subfield>
	</datafield>
	<datafield ind1=" " ind2=" " tag="337">
		<subfield code="a">computer</subfield>
		<subfield code="2">rdamedia</subfield>
	</datafield>
	<datafield ind1=" " ind2=" " tag="338">
		<subfield code="a">online resource</subfield>
		<subfield code="2">rdacarrier</subfield>
	</datafield>
	<datafield ind1=" " ind2=" " tag="500">
		<subfield code="a">Part of the Arabic Collections Online (ACO) project, contributed by American University of Beirut's Jafet Memorial Library.</subfield>
	</datafield>
	<datafield ind1=" " ind2=" " tag="533">
		<subfield code="a">Electronic reproduction.</subfield>
		<subfield code="b">New York, N.Y. :</subfield>
		<subfield code="c">New York University,</subfield>
		<subfield code="d">2021.</subfield>
		<subfield code="5">NNU</subfield>
	</datafield>
	<datafield ind1=" " ind2="0" tag="650">
		<subfield code="6">880-06</subfield>
		<subfield code="a">Education.</subfield>
	</datafield>
	<datafield ind1=" " ind2="0" tag="650">
		<subfield code="6">880-07</subfield>
		<subfield code="a">Educational psychology.</subfield>
	</datafield>
	<datafield ind1=" " ind2="0" tag="650">
		<subfield code="6">880-08</subfield>
		<subfield code="a">Learning, Psychology of.</subfield>
	</datafield>
	<datafield ind1="1" ind2=" " tag="700">
		<subfield code="6">880-09</subfield>
		<subfield code="a">ʻAlī, Khaṭṭāb ʻAṭīyah.</subfield>
		<subfield code="e">author.</subfield>
		<subfield code="0">https://lccn.loc.gov/nr96003494 ,</subfield>
	</datafield>
	<datafield ind1="1" ind2=" " tag="700">
		<subfield code="6">880-10</subfield>
		<subfield code="a">Shaʻlān, Muḥammad Sulaymān.</subfield>
		<subfield code="e">author.</subfield>
		<subfield code="0">https://lccn.loc.gov/nr94035403 ,</subfield>
	</datafield>
	<datafield ind1="2" ind2=" " tag="710">
		<subfield code="a">Jafet Memorial Library.</subfield>
	</datafield>
	<datafield ind1="0" ind2=" " tag="730">
		<subfield code="a">Arabic Collections Online.</subfield>
	</datafield>
	<datafield ind1="0" ind2="8" tag="776">
		<subfield code="i">Print version:</subfield>
		<subfield code="a">Ramaḍān, Muḥammad Rifʻat. author. https://lccn.loc.gov/nr94032140 ,</subfield>
		<subfield code="t">Fī usūl al-tarbiyah wa-ʻilm al-nafs li-madāris al-muʻallimīn wa-al-muʻallimāt</subfield>
		<subfield code="w">(LeBAU)b1245297x</subfield>
	</datafield>
	<datafield ind1="4" ind2="0" tag="856">
		<subfield code="u">http://hdl.handle.net/2333.1/1vhhmt1p</subfield>
	</datafield>
	<datafield ind1="1" ind2=" " tag="880">
		<subfield code="6">100-01</subfield>
		<subfield code="a">رمضان، محمد رفعت،</subfield>
		<subfield code="0">https://lccn.loc.gov/nr94032140 ,</subfield>
		<subfield code="e">مؤلف.</subfield>
		<subfield code="4">aut.</subfield>
	</datafield>
	<datafield ind1="1" ind2="0" tag="880">
		<subfield code="6">245-02</subfield>
		<subfield code="a">في أصول التربية وعلم النفس لمدارس المعلمين والمعلمات /</subfield>
		<subfield code="c">للأساتذة محمد رفعت رمضان، مدرس التربية وعلم النفس بمدرسة المعلمين العليا، خطاب عطية علي، مدرس التربية وعلم النفس بمدرسة المعلمين الابتدائية بالزيتون، محمد سليمان شعلان، المدير المنتدب لقسم بحوث الامتحانات.</subfield>
	</datafield>
	<datafield ind1=" " ind2=" " tag="880">
		<subfield code="6">250-03</subfield>
		<subfield code="a">الطبعة الأولى.</subfield>
	</datafield>
	<datafield ind1=" " ind2="1" tag="880">
		<subfield code="6">264-04</subfield>
		<subfield code="a">[القاهرة] :</subfield>
		<subfield code="b">دار الفكر العربي،</subfield>
		<subfield code="c">1948.</subfield>
	</datafield>
	<datafield ind1=" " ind2=" " tag="880">
		<subfield code="6">300-05</subfield>
		<subfield code="a">333 صفحة ؛</subfield>
		<subfield code="c">24 سم</subfield>
	</datafield>
	<datafield ind1=" " ind2=" " tag="880">
		<subfield code="6">504-00</subfield>
		<subfield code="a">يتضمن مراجع ببليوغرافية.</subfield>
	</datafield>
	<datafield ind1=" " ind2="4" tag="880">
		<subfield code="6">650-06</subfield>
		<subfield code="a">التربية.</subfield>
	</datafield>
	<datafield ind1=" " ind2="4" tag="880">
		<subfield code="6">650-07</subfield>
		<subfield code="a">علم النفس التربوي.</subfield>
	</datafield>
	<datafield ind1=" " ind2="4" tag="880">
		<subfield code="6">650-08</subfield>
		<subfield code="a">التعلم، سيكولوجية.</subfield>
	</datafield>
	<datafield ind1="1" ind2=" " tag="880">
		<subfield code="6">700-09</subfield>
		<subfield code="a">علي، خطاب عطية،</subfield>
		<subfield code="0">https://lccn.loc.gov/nr96003494 ,</subfield>
		<subfield code="e">مؤلف.</subfield>
		<subfield code="4">aut.</subfield>
	</datafield>
	<datafield ind1="1" ind2=" " tag="880">
		<subfield code="6">700-10</subfield>
		<subfield code="a">شعلان، محمد سليمان،</subfield>
		<subfield code="0">https://lccn.loc.gov/nr94035403 ,</subfield>
		<subfield code="e">مؤلف.</subfield>
		<subfield code="4">aut.</subfield>
	</datafield>
	<datafield ind1=" " ind2=" " tag="959">
		<subfield code="a">NNU</subfield>
		<subfield code="b">WEB</subfield>
		<subfield code="c">GENI</subfield>
		<subfield code="t">0</subfield>
		<subfield code="m">Electronic access</subfield>
		<subfield code="s">01</subfield>
	</datafield>
	<datafield ind1=" " ind2=" " tag="999">
		<subfield code="i">LeBAU_b1245297x</subfield>
		<subfield code="s">aub_aco004122</subfield>
		<subfield code="e">(ERROR-MISC)</subfield>
		<subfield code="s">aub_aco004122</subfield>
	</datafield>
</record>
